@inproceedings{polebalancing,
  title={THE POLE BALANCING PROBLEM A Benchmark Control Theory Problem},
  author={Jason Brownlee},
  year={2005}
}